@misc{
	music-mood,
	author="T. Vandana",
	title="Music Mood Categorization: A Survey [Электронный ресурс]",
	language="english",
	year="2020",
	howpublished="URL: \url{https://www.researchgate.net/publication/334096365\_Music\_Mood\_Categorization\_A\_Survey}",
	annote="Дата обращения: 21.01.2022"
}


@misc{
	neural-composer,
	author="B. Freisleben",
	title="The Neural Composer: A Network for Musical Applications [Электронный ресурс]",
	language="english",
	year="1992",
	url="https://www.sciencedirect.com/science/article/pii/B9780444894885501809",
	annote="Дата обращения: 21.01.2022"
}


@misc{
	music-types,
	author="Jean-Pierre Briot",
	title="Deep Learning Techniques for Music Generation – A Survey [Электронный ресурс]",
	language="english",
	year="2020",
	url="https://hal.sorbonne-universite.fr/hal-01660772/document",
	annote="Дата обращения: 21.01.2022"
}


@misc{
	music-issues,
	author="Jean-Pierre Briot",
	title="Music Generation by Deep Learning– Challenges and Directions [Электронный ресурс]",
	language="english",
	year="2018",
	url="https://arxiv.org/pdf/1712.04371.pdf",
	annote="Дата обращения: 21.01.2022"
}


@misc{
	lstm,
	author="Sanidhya Mangal",
	title="LSTM Based Music Generation System [Электронный ресурс]",
	language="english",
	year="2019",
	url="https://arxiv.org/pdf/1908.01080.pdf",
	annote="Дата обращения: 21.01.2022"
}


@misc{
	prob-methods,
	author="Ilana Shapiro",
	title="Markov Chains for Computer Music Generation [Электронный ресурс]",
	language="english",
	year="2020",
	howpublished="URL: \url{https://scholarship.claremont.edu/cgi/viewcontent.cgi?article=1848\&context=jhm}",
	annote="Дата обращения: 23.01.2022"
}


@misc{
	gram-methods,
	author="Rajvi Mehta",
	title="Music Generation using Parametric Grammar [Электронный ресурс]",
	language="english",
	year="2018",
	url="https://www.ijert.org/research/music-generation-using-parametric-grammar-IJERTCONV3IS01025.pdf",
	annote="Дата обращения: 21.01.2022"
}


@book{
    ai-methods,
    title = {Nature-Inspired Computation and Swarm Intelligence},
    publisher = {Academic Press},
    year = {2020},
    author = {Xin-She Yang},
    pages = {217-245}
}


@misc{
	kz-grammar,
	author="Lukas Eibensteiner",
	title="Procedural Music Generation with Grammars [Электронный ресурс]",
	language="english",
	year="2018",
	url="https://cescg.org/cescg\_submission/procedural-music-generation-with-grammars/",
	annote="Дата обращения: 21.01.2022"
}


@misc{
	l-system,
	author="Peter Worth",
	title="Growing Music: musical interpretations of L-Systems [Электронный ресурс]",
	language="english",
	year="2018",
	url="https://www-users.cs.york.ac.uk/susan/bib/ss/nonstd/eurogp05.pdf",
	annote="Дата обращения: 25.01.2022"
}


@misc{
	cel-auto,
	author="Richard French",
	title="Cellular Automata and Music: A NewRepresentation [Электронный ресурс]",
	language="english",
	year="2013",
	url="https://digitalworks.union.edu/cgi/viewcontent.cgi?article=1693\&context=theses",
	annote="Дата обращения: 24.01.2022"
}


@misc{
	cel-auto,
	author="Richard French",
	title="Cellular Automata and Music: A NewRepresentation [Электронный ресурс]",
	language="english",
	year="2013",
	url="https://digitalworks.union.edu/cgi/viewcontent.cgi?article=1693&context=theses",
	annote="Дата обращения: 21.01.2022"
}


@misc{
	game-of-life,
	author="Andrew Adamatzky",
	title="Game of Life Cellular Automata [Электронный ресурс]",
	language="english",
	year="2010",
	howpublished="URL: \url{https://www.researchgate.net/publication/253231764\_Game\_of\_Life\_Cellular\_Automata}",
	annote="Дата обращения: 27.01.2022"
}


@misc{
	gen-alg,
	author="Majid Farzaneh",
	title="GGA-MG: Generative Genetic Algorithm for Music Generation [Электронный ресурс]",
	language="english",
	year="2020",
	url="https://arxiv.org/pdf/2004.04687.pdf",
	annote="Дата обращения: 19.01.2022"
}


@misc{
	gan,
	author="Shuyu Li",
	title="Automatic Melody Composition Using Enhanced GAN [Электронный ресурс]",
	language="english",
	year="2019",
	howpublished="URL: \url{https://www.researchgate.net/publication/336001437\_Automatic\_Melody\_Composition\_Using\_Enhanced\_GAN}",
	annote="Дата обращения: 21.01.2022"
}


@misc{
	rnn,
	author="Alexander Agung Santoso Gunawan",
	title="Automatic Music Generator Using Recurrent Neural Network [Электронный ресурс]",
	language="english",
	year="2020",
	howpublished="URL: \url{https://www.researchgate.net/publication/342444314\_Automatic\_Music\_Generator\_Using\_Recurrent\_Neural\_Network}",
	annote="Дата обращения: 21.01.2022"
}

