@article{
	1-polyphonic,
	author="H.Yoonchang, K.Jaehun, L.Kyogu",
	title="Deep convolutional neural networks for predominantinstrument recognition in polyphonic music [Электронный ресурс]",
	language="russian",
	year="2016",
	url="https://arxiv.org/pdf/1605.09507.pdf",
	annote="Дата обращения: 12.12.2021"
}


@misc{1-polyphonic1,
	title="Deep convolutional neural networks for predominantinstrument recognition in polyphonic music [Электронный ресурс]",
	howpublished="Режим доступа: \url{https://arxiv.org/pdf/1605.09507.pdf} (дата обращения: 20.11.2021)"
}


@misc{1-music,
	title="Automatic Music Generation and MachineLearning based Evaluation [Электронный ресурс]",
	howpublished="Режим доступа: \url{https://www.researchgate.net/publication/302206040_Automatic_Music_Generation_and_Machine_Learning_Based_Evaluation} (дата обращения: 20.11.2021)"
}


@misc{2-music,
	title="Intelligent Generation of Rhythmic Sequences Using Finite L-systems [Электронный ресурс]",
	howpublished="Режим доступа: \url{https://www.researchgate.net/publication/230833320_Intelligent_Generation_of_Rhythmic_Sequences_Using_Finite_L-systems} (дата обращения: 20.11.2021)"
}


@misc{1-grammusic,
	title="Music Composition Based on Linguistic Approach [Электронный ресурс]",
	howpublished="Режим доступа: \url{https://www.researchgate.net/publication/220886953_Music_Composition_Based_on_Linguistic_Approach} (дата обращения: 20.11.2021)"
}

@misc{2-grammusic,
	title="Automatic Polyphonic Music Composition Using the EMILE and ABL Grammar Inductors [Электронный ресурс]",
	howpublished="Режим доступа: \url{https://www.researchgate.net/publication/220843289_Automatic_Polyphonic_Music_Composition_Using_the_EMILE_and_ABL_Grammar_Inductors} (дата обращения: 20.11.2021)"
}


@misc{3-music,
	title="Automatic Music Generator Using Recurrent Neural Network [Электронный ресурс]",
	howpublished="Режим доступа: \url{https://www.researchgate.net/publication/342444314_Automatic_Music_Generator_Using_Recurrent_Neural_Network} (дата обращения: 20.11.2021)"
}


@misc{4-music,
	title="A Style-Specific Music Composition Neural Network",
	howpublished="Режим доступа: \url{https://www.researchgate.net/publication/342055038_A_Style-Specific_Music_Composition_Neural_Network} (дата обращения: 12.12.2021)"
}


@misc{5-music,
	title="Music generation with variational recurrent autoencoder supported by history",
	howpublished="Режим доступа: \url{https://www.researchgate.net/publication/316985278_Music_generation_with_variational_recurrent_autoencoder_supported_by_history} (дата обращения: 12.12.2021)"
}


@misc{2-polyphonic,
	title="Polyphonic Music Generation with RNN",
	howpublished="Режим доступа: \url{https://www.researchgate.net/publication/356602705_Polyphonic_Music_Generation_with_RNN} (дата обращения: 12.12.2021)"
}


@misc{6-music,
	title="Hierarchical Recurrent Neural Networks for Conditional Melody Generation with Long-term Structure",
	howpublished="Режим доступа: \url{https://www.researchgate.net/publication/351358050_Hierarchical_Recurrent_Neural_Networks_for_Conditional_Melody_Generation_with_Long-term_Structure
	} (дата обращения: 12.12.2021)"
}


@misc{3-polyphonic,
	title="Modeling Temporal Tonal Relations in Polyphonic Music Through Deep Networks with a Novel Image-Based Representation",
	howpublished="Режим доступа: \url{https://www.researchgate.net/publication/324720511_Modeling_Temporal_Tonal_Relations_in_Polyphonic_Music_Through_Deep_Networks_with_a_Novel_Image-Based_Representation} (дата обращения: 12.12.2021)"
}


@misc{1-text,
	title="Automatic Text Generation by Learning from Literary Structures",
	howpublished="Режим доступа: \url{https://www.researchgate.net/publication/306093592_Automatic_Text_Generation_by_Learning_from_Literary_Structures} (дата обращения: 12.12.2021)"
}


@misc{2-text,
	title="Neural Text Generation:  A Practical Guide",
	howpublished="Режим доступа: \url{https://cs.stanford.edu/~zxie/textgen.pdf} (дата обращения: 12.12.2021)"
}


@misc{3-text,
	title="Turkish Text Generation With Systemic-Functional Grammar",
	howpublished="Режим доступа: \url{https://www.researchgate.net/publication/2252329_Turkish_Text_Generation_With_Systemic-Functional_Grammar} (дата обращения: 12.12.2021)"
}


@misc{1-grammar,
	title="GENESYS: An Integrated Environment for Developing Systemic Functional Grammars",
	howpublished="Режим доступа: \url{https://www.researchgate.net/publication/277290765_GENESYS_An_Integrated_Environment_for_Developing_Systemic_Functional_Grammars} (дата обращения: 12.12.2021)"
}


@misc{2-grammar,
	title="SYSTEMIC FUNCTIONAL GRAMMAR AND CONSTRUCTION GRAMMAR",
	howpublished="Режим доступа: \url{https://www.researchgate.net/publication/242677004_SYSTEMIC_FUNCTIONAL_GRAMMAR_AND_CONSTRUCTION_GRAMMAR} (дата обращения: 12.12.2021)"
}


@misc{3-grammar,
	title="Constraints on system entrance in a systemic functional generator",
	howpublished="Режим доступа: \url{https://www.researchgate.net/publication/236335371_Constraints_on_system_entrance_in_a_systemic_functional_generator} (дата обращения: 12.12.2021)"
}


@misc{4-polyphonic,
	title="Calliope -- A Polyphonic Music Transformer",
	howpublished="Режим доступа: \url{https://www.researchgate.net/publication/353208810_Calliope_--_A_Polyphonic_Music_Transformer} (дата обращения: 12.12.2021)"
}


@misc{4-text,
	title="Modern Methods for Text Generation",
	howpublished="Режим доступа: \url{https://www.researchgate.net/publication/344197785_Modern_Methods_for_Text_Generation} (дата обращения: 12.12.2021)"
}


@misc{5-text,
	title="Machine Learning Meets Natural Language Processing -- The story so far",
	howpublished="Режим доступа: \url{https://www.researchgate.net/publication/351046768_Machine_Learning_Meets_Natural_Language_Processing_--_The_story_so_far} (дата обращения: 12.12.2021)"
}


@misc{1-fugue,
	title="Computational Fugue Analysis",
	howpublished="Режим доступа: \url{https://www.researchgate.net/publication/277972990_Computational_Fugue_Analysis} (дата обращения: 12.12.2021)"
}


@misc{2-fugue,
	title="Fugue Reference Manual",
	howpublished="Режим доступа: \url{https://www.researchgate.net/publication/228761045_Fugue_Reference_Manual} (дата обращения: 12.12.2021)"
}


@misc{3-fugue,
	title="Fugue: A Functional Language for Sound Synthesis",
	howpublished="Режим доступа: \url{https://www.cs.cmu.edu/~rbd/papers/Fugue-IEEE-Computer-1991.pdf} (дата обращения: 12.12.2021)"
}